<?xml version="1.0" encoding="UTF-8"?>
<record xmlns="http://www.loc.gov/MARC21/slim">
   <leader>01263cam a2200313Ia 4500</leader>
   <controlfield tag="001">4227402</controlfield>
   <controlfield tag="003">NjP</controlfield>
   <controlfield tag="005">20180420175945.0</controlfield>
   <controlfield tag="008">040819s1920    ua            000 0 ara d</controlfield>
   <datafield tag="024" ind1="7" ind2=" ">
      <subfield code="a">princeton_aco005000</subfield>
      <subfield code="2">local</subfield>
   </datafield>
   <datafield ind1=" " ind2=" " tag="035">
      <subfield code="a">(OCoLC)ocn145566912</subfield>
   </datafield>
   <datafield ind1=" " ind2=" " tag="040">
      <subfield code="a">PUL</subfield>
      <subfield code="c">PUL</subfield>
   </datafield>
   <datafield ind1=" " ind2=" " tag="035">
      <subfield code="a">(OCoLC)145566912</subfield>
   </datafield>
   <datafield ind1=" " ind2=" " tag="043">
      <subfield code="a">f-ua---</subfield>
   </datafield>
   <datafield ind1=" " ind2=" " tag="090">
      <subfield code="a">LG511.C45</subfield>
      <subfield code="b">J365 1920</subfield>
   </datafield>
   <datafield ind1=" " ind2=" " tag="049">
      <subfield code="a">PULL</subfield>
   </datafield>
   <datafield ind1="2" ind2=" " tag="110">
      <subfield code="6">880-01</subfield>
      <subfield code="a">Jāmiʻ al-Azhar.</subfield>
      <subfield code="b">Majlis al-Azhar al-Aʻlá.</subfield>
   </datafield>
   <datafield ind1="1" ind2="0" tag="245">
      <subfield code="6">880-02</subfield>
      <subfield code="a">Fihris majmūʻat maḥāḍir wa-qarārāt Majlis al-Azhar al-Aʻlá.</subfield>
   </datafield>
   <datafield ind1=" " ind2=" " tag="260">
      <subfield code="6">880-03</subfield>
      <subfield code="a">[Cairo] :</subfield>
      <subfield code="b">Majlis al-Azhar al-Aʻlá,</subfield>
      <subfield code="c">1920.</subfield>
   </datafield>
   <datafield ind1=" " ind2=" " tag="300">
      <subfield code="a">654 p. ;</subfield>
      <subfield code="c">29 cm.</subfield>
   </datafield>
   <datafield ind1=" " ind2=" " tag="504">
      <subfield code="a">Includes bibliographical references.</subfield>
   </datafield>
   <datafield ind1=" " ind2=" " tag="533">
      <subfield code="a">Photocopy.</subfield>
      <subfield code="b">Cairo :</subfield>
      <subfield code="c">Leila Books,</subfield>
      <subfield code="d">2004.</subfield>
      <subfield code="e">29 cm.</subfield>
      <subfield code="7">s1920    ua n r</subfield>
   </datafield>
   <datafield ind1="2" ind2="0" tag="610">
      <subfield code="a">Jāmiʻat al-Azhar.</subfield>
      <subfield code="0">http://id.loc.gov/authorities/names/n81103247</subfield>
   </datafield>
   <datafield ind1=" " ind2="0" tag="650">
      <subfield code="a">Universities and colleges</subfield>
      <subfield code="z">Egypt</subfield>
      <subfield code="z">Cairo.</subfield>
   </datafield>
   <datafield ind1="2" ind2=" " tag="880">
      <subfield code="6">110-01/r</subfield>
      <subfield code="a">جامع الازهر.</subfield>
      <subfield code="b">مجلس الازهر الاعلى.</subfield>
   </datafield>
   <datafield ind1="1" ind2="0" tag="880">
      <subfield code="6">245-02/r</subfield>
      <subfield code="a">فهرس مجموعة محاضر وقرارات مجلس الازهر الاعلى.</subfield>
   </datafield>
   <datafield ind1=" " ind2=" " tag="880">
      <subfield code="6">260-03/r</subfield>
      <subfield code="a">[Cairo] :</subfield>
      <subfield code="b">مجلس الازهر الاعلى،</subfield>
      <subfield code="c">1920.</subfield>
   </datafield>
   <datafield ind1=" " ind2=" " tag="904">
      <subfield code="a">mv</subfield>
      <subfield code="b">o</subfield>
      <subfield code="h">n</subfield>
      <subfield code="c">b</subfield>
      <subfield code="e">20040819</subfield>
   </datafield>
   <datafield ind1=" " ind2=" " tag="994">
      <subfield code="a">C0</subfield>
      <subfield code="b">PUL</subfield>
   </datafield>
   <datafield ind1=" " ind2=" " tag="999">
      <subfield code="a">4227402</subfield>
   </datafield>
   <datafield ind1=" " ind2=" " tag="902">
      <subfield code="a">jab</subfield>
      <subfield code="b">o</subfield>
      <subfield code="6">a</subfield>
      <subfield code="7">m</subfield>
      <subfield code="d">v</subfield>
      <subfield code="f">1</subfield>
      <subfield code="e">20070626</subfield>
   </datafield>
   <datafield ind1="0" ind2=" " tag="852">
      <subfield code="0">4490986</subfield>
      <subfield code="b">nec</subfield>
      <subfield code="h">LG511.C45</subfield>
      <subfield code="i">J365 1920a</subfield>
   </datafield>
   <datafield ind1=" " ind2=" " tag="959">
      <subfield code="a">2005-02-15 13:15:14 -0400</subfield>
   </datafield>
</record>
